@book{latex,
    title = {LaTeX : A Documentation Preparation System User's Guide and Reference Manual},
    publisher = {Addison-Wesley Professional},
    year = {1994},
    author = {Leslie Lamport}
}

@article{vawdrey2014,
    author = {Vawdrey, D. K. and Walsh, C. and Stetson, P. D.},
    title = {An integrated billing application to streamline clinician workflow},
    journal = {AMIA Annual Symposium Proceedings},
    year = {2014},
    volume = {2014},
    pages = {1141--1149},
    month = nov,
    day = {14},
    pmid = {25954425},
    pmcid = {PMC4420016},
}


@article{abdullah2017performance,
    title={Performance evaluation of rule-based expert systems: An example from medical billing domain},
    author={Abdullah, Umair and Lig{\k{e}}za, Antoni and Zafar, Kashif},
    journal={Expert Systems},
    volume={34},
    number={6},
    pages={e12218},
    year={2017},
    publisher={Wiley Online Library}
}


@inproceedings{oberste2022supporting,
    title={Supporting the billing process in outpatient medical care: Automated medical coding through machine learning},
    author={Oberste, Luis and Finze, Nikola and Hoffmann, Philipp and Heinzl, Armin},
    booktitle={Conference of the European Colloid and Interface Society (ECIS): Research Papers},
    volume={2022},
    pages={1--18},
    year={2022},
    organization={AISeL}
}
